@Article{Dijkstra1959,
  author =       {Dijkstra, E. W.},
  title =        {A note on two problems in connexion with graphs},
  volume =       {1},
  number =       {1},
  pages =        {269--271},
  date =         {1959-12},
  doi =          {10.1007/BF01386390},
  issn =         {0029-599X, 0945-3245},
  journaltitle = {Numerische Mathematik},
  keywords =     {Appl.Mathematics/Computational Methods of Engineering, Mathematical and Computational Physics, Mathematical Methods in Physics, Mathematics, general, Numerical Analysis, Numerical and Computational Methods},
  langid =       {english},
  shortjournal = {Numer. Math.},
  url =          {http://link.springer.com/article/10.1007/BF01386390},
  urldate =      {2016-04-07}
}